<zs:record>
      <zs:recordPacking>xml</zs:recordPacking>
      <zs:recordData>
        <record xmlns="http://www.loc.gov/MARC21/slim">
          <leader>00380nz a2200121 4500</leader>
          <controlfield tag="001">30006447</controlfield>
          <controlfield tag="003">RISM</controlfield>
          <controlfield tag="005">20121108</controlfield>
          <controlfield tag="008">121108n||az|||||||##########||||||||||||</controlfield>
          <datafield tag="043" ind1=" " ind2=" ">
            <subfield code="c">Croatia</subfield>
          </datafield>
          <datafield tag="110" ind1="2" ind2=" ">
            <subfield code="a">Muzej Grada Koprivnice</subfield>
            <subfield code="c">Koprivnica</subfield>
            <subfield code="g">HR-KPm</subfield>
          </datafield>
          <datafield tag="622" ind1=" " ind2=" ">
            <subfield code="e">Muzej Grada, Trg dr. Leandera Brozovicá 1, 48000 Koprivnica, Croatia</subfield>
            <subfield code="u">http://www.koprivnica.hr/kulturapovijest/muzeji.asp</subfield>
          </datafield>
          <datafield tag="670" ind1="2" ind2=" ">
            <subfield code="a">258</subfield>
          </datafield>
          <idzebra xmlns="http://www.indexdata.dk/zebra/">
            <size>380</size>
            <score>707</score>
            <localnumber>833878</localnumber>
            <filename>sigla/sigla.mrc</filename>
          </idzebra>
        </record>
      </zs:recordData>
      <zs:recordPosition>96</zs:recordPosition>
    </zs:record>