<zs:record>
      <zs:recordPacking>xml</zs:recordPacking>
      <zs:recordData>
        <record xmlns="http://www.loc.gov/MARC21/slim">
          <leader>00355nz a2200109 4500</leader>
          <controlfield tag="001">30004050</controlfield>
          <controlfield tag="003">RISM</controlfield>
          <controlfield tag="005">20121108</controlfield>
          <controlfield tag="008">121108n||az|||||||##########||||||||||||</controlfield>
          <datafield tag="043" ind1=" " ind2=" ">
            <subfield code="c">Croatia</subfield>
          </datafield>
          <datafield tag="110" ind1="2" ind2=" ">
            <subfield code="a">Pomorski i povijesni muzej Hrvatskog primorja</subfield>
            <subfield code="c">Rijeka</subfield>
            <subfield code="g">HR-RIpm</subfield>
          </datafield>
          <datafield tag="622" ind1=" " ind2=" ">
            <subfield code="e">Pomorski i povijesni muzej Hrvatskog, primorja, Ulica žrtava fašizma 18, 51000 Rijeka,
              Croatia</subfield>
          </datafield>
          <idzebra xmlns="http://www.indexdata.dk/zebra/">
            <size>355</size>
            <score>707</score>
            <localnumber>832708</localnumber>
            <filename>sigla/sigla.mrc</filename>
          </idzebra>
        </record>
      </zs:recordData>
      <zs:recordPosition>82</zs:recordPosition>
    </zs:record>