<zs:record>
      <zs:recordPacking>xml</zs:recordPacking>
      <zs:recordData>
        <record xmlns="http://www.loc.gov/MARC21/slim">
          <leader>00415nz a2200109 4500</leader>
          <controlfield tag="001">30077542</controlfield>
          <controlfield tag="003">RISM</controlfield>
          <controlfield tag="005">20121108</controlfield>
          <controlfield tag="008">121108n||az|||||||##########||||||||||||</controlfield>
          <datafield tag="043" ind1=" " ind2=" ">
            <subfield code="c">Croatia</subfield>
          </datafield>
          <datafield tag="110" ind1="2" ind2=" ">
            <subfield code="a">Zbirka Oratorijskog zbora crkve Sv. Marka</subfield>
            <subfield code="c">Zagreb</subfield>
            <subfield code="g">HR-Zzoz</subfield>
          </datafield>
          <datafield tag="622" ind1=" " ind2=" ">
            <subfield code="e">Zbirka Oratorijskog zbora crkve Sv., Marka, Trg Sv. Marka 5, 10000 Zagreb,
              Croatia</subfield>
            <subfield code="u">http://www.facebook.com/pages/Oratorijski-zbor-Crkve-svMarka/104141522983031</subfield>
          </datafield>
          <idzebra xmlns="http://www.indexdata.dk/zebra/">
            <size>415</size>
            <score>707</score>
            <localnumber>829353</localnumber>
            <filename>sigla/sigla.mrc</filename>
          </idzebra>
        </record>
      </zs:recordData>
      <zs:recordPosition>3</zs:recordPosition>
    </zs:record>